@inproceedings{johann2010generic,
  title={A generic operational metatheory for algebraic effects},
  author={Johann, Patricia and Simpson, Alex and Voigtl{\"a}nder, Janis},
  booktitle={Logic in Computer Science (LICS), 2010 25th Annual IEEE Symposium on},
  pages={209--218},
  year={2010},
  organization={IEEE}
}

@article{plotkin1977lcf,
  title={{LCF} considered as a programming language},
  author={Plotkin, Gordon D.},
  journal={Theoretical computer science},
  volume={5},
  number={3},
  pages={223--255},
  year={1977},
  publisher={Elsevier}
}

@inproceedings{PlotkinPower2002,
author = {Gordon Plotkin and John Power},
title = {Notions of Computation Determine Monads},
booktitle = {International Conference on Foundations of Software Science and Computation Structures},
pages = {342--356},
publisher = {Springer},
year = {2002}
}

@article{hyland2006combining,
  title={Combining effects: Sum and tensor},
  author={Hyland, Martin and Plotkin, Gordon and Power, John},
  journal={Theoretical Computer Science},
  volume={357},
  number={1},
  pages={70--99},
  year={2006},
  publisher={Elsevier}
}

@article{KozenPDL,
  author = {Dexter Kozen},
  title = {A probabilistic {PDL}},
  journal = {Journal of Computer and System Sciences},
  volume = {30},
  number = {2},
  pages = {162--178},
  year = {1985}}

@book{McIverMorgan,
  title = {Abstraction, Refinement and Proof for Probabilistic Systems},
  author = {Annabelle McIver and Carroll Morgan},
  series = {Monographs in Computer Science},
  publisher = {Springer},
  year = {2005}
}

@inproceedings{PlotkinPretnarLogic,
author = {Gordon Plotkin and Matija Pretnar},
title = {A logic of algebraic effects},
booktitle = {Proceedings of the 23rd Annual  Symposium on Logic in Computer Science},
year = {2008}
}

@inproceedings{StatonInstances,
author = {Sam Staton},
title = {Instances of computational effects},
booktitle = {Proceedings of the 28th Annual Symposium on Logic in Computer Science},
year = {2013}
}

@inproceedings{plotkin2001adequacy,
  title={Adequacy for algebraic effects},
  author={Plotkin, Gordon and Power, John},
  booktitle={International Conference on Foundations of Software Science and Computation Structures},
  pages={1--24},
  year={2001},
  organization={Springer}
}

@Incollection{Mislove2000,
    author="Mislove, Michael",
    editor="Rolim, Jos{\'e}",
    title="Models Supporting Nondeterminism and Probabilistic Choice",
    bookTitle="Parallel and Distributed Processing: 15 IPDPS 2000 Workshops Cancun, Mexico, May 1--5, 2000 Proceedings",
    year="2000",
    publisher="Springer Berlin Heidelberg",
    address="Berlin, Heidelberg",
    pages="993--1000",
}

@phdthesis{Jones1992,
 author = {Jones, Claire},
 title = {Probabilistic Non-determinism},
 year = {1989},
 note = {UMI Order No. GAXDX-94930},
 publisher = {University of Edinburgh},
 address = {Edinburgh, Scotland, UK},
} 

@INPROCEEDINGS{abramsky1994,
    author = {Samson Abramsky and Achim Jung},
    title = {Domain Theory},
    booktitle = {Handbook of Logic in Computer Science},
    year = {1994},
    pages = {1--168},
    publisher = {Clarendon Press}
}
@article{KeimelP2016,
  author    = {Klaus Keimel and
               Gordon D. Plotkin},
  title     = {Mixed powerdomains for probability and nondeterminism},
  journal   = {Logical Methods in Computer Science},
  volume    = {13},
  number    = {1},
  year      = {2017}
}

@INPROCEEDINGS{gom, 
author={Patricia Johann and Alex Simpson and Janis Voigtländer}, 
booktitle={2010 25th Annual IEEE Symposium on Logic in Computer Science}, 
title={A Generic Operational Metatheory for Algebraic Effects}, 
year={2010}, 
pages={209-218}, 
keywords={algebra;programming language semantics;algebraic effects;contextual preorder;generic operational metatheory;polymorphic programming language;relational parametricity;structural operational semantics;syntactic analysis;Context;Equations;Machinery;Manganese;Pediatrics;Semantics;Syntactics}, 
month={July},}

@article{Pitts2000,
 author = {Pitts, Andrew M.},
 title = {Parametric Polymorphism and Operational Equivalence},
 journal = {Mathematical. Structures in Comp. Sci.},
 issue_date = {June 2000},
 volume = {10},
 number = {3},
 month = jun,
 year = {2000},
 issn = {0960-1295},
 pages = {321--359},
 numpages = {39},
 url = {http://dx.doi.org/10.1017/S0960129500003066},
 doi = {10.1017/S0960129500003066},
 acmid = {967002},
 publisher = {Cambridge University Press},
 address = {New York, NY, USA},
} 

@book{Amadio2008,
 author = {Amadio, Roberto M. and Curien, Pierre-Louis},
 title = {Domains and Lambda-Calculi (Cambridge Tracts in Theoretical Computer Science)},
 year = {2008},
 isbn = {0521062926, 9780521062923},
 edition = {1},
 publisher = {Cambridge University Press},
 address = {New York, NY, USA},
} 

@article{Felleisen1992,
 author = {Felleisen, Matthias and Hieb, Robert},
 title = {The Revised Report on the Syntactic Theories of Sequential Control and State},
 journal = {Theor. Comput. Sci.},
 issue_date = {14 Sept. 1992},
 volume = {103},
 number = {2},
 month = sep,
 year = {1992},
 issn = {0304-3975},
 pages = {235--271},
 numpages = {37},
 url = {http://dx.doi.org/10.1016/0304-3975(92)90014-7},
 doi = {10.1016/0304-3975(92)90014-7},
 acmid = {136297},
 publisher = {Elsevier Science Publishers Ltd.},
 address = {Essex, UK},
} 

@incollection{Andrew1999LocalState,
 author = {Pitts, A. M. and Stark, I. D. B.},
 chapter = {Operational Reasoning for Functions with Local State},
 title = {Higher Order Operational Techniques in Semantics},
 editor = {Gordon, Andrew D. and Pitts, Andrew M.},
 year = {1998},
 isbn = {0-521-63168-8},
 pages = {227--274},
 numpages = {48},
 url = {http://dl.acm.org/citation.cfm?id=309656.309671},
 acmid = {309671},
 publisher = {Cambridge University Press},
 address = {New York, NY, USA},
} 
@article{pitts1997operationally,
  title={Operationally-based theories of program equivalence},
  author={Pitts, Andrew M},
  journal={Semantics and Logics of Computation},
  volume={14},
  pages={241},
  year={1997}
}

@inproceedings{wadler1989theorems,
  title={Theorems for free!},
  author={Wadler, Philip},
  booktitle={Proceedings of the fourth international conference on Functional programming languages and computer architecture},
  pages={347--359},
  year={1989},
  organization={ACM}
}

@article{eff2012,
  author    = {Andrej Bauer and
               Matija Pretnar},
  title     = {Programming with Algebraic Effects and Handlers},
  journal   = {CoRR},
  volume    = {abs/1203.1539},
  year      = {2012},
  url       = {http://arxiv.org/abs/1203.1539},
  timestamp = {Wed, 10 Oct 2012 21:28:49 +0200},
  biburl    = {http://dblp.uni-trier.de/rec/bib/journals/corr/abs-1203-1539},
  bibsource = {dblp computer science bibliography, http://dblp.org}
}

@ARTICLE{eff2013,
   author = {{Plotkin}, G.~D and {Pretnar}, M.},
    title = "{Handling Algebraic Effects}",
  journal = {ArXiv e-prints},
archivePrefix = "arXiv",
   eprint = {1312.1399},
 primaryClass = "cs.LO",
 keywords = {Computer Science - Logic in Computer Science, Computer Science - Programming Languages},
     year = 2013,
    month = dec,
   adsurl = {http://adsabs.harvard.edu/abs/2013arXiv1312.1399P},
  adsnote = {Provided by the SAO/NASA Astrophysics Data System}
}

@inproceedings{sangiorgi2007environmental,
  title={Environmental bisimulations for higher-order languages},
  author={Sangiorgi, Davide and Kobayashi, Naoki and Sumii, Eijiro},
  booktitle={Logic in Computer Science, 2007. LICS 2007. 22nd Annual IEEE Symposium on},
  pages={293--302},
  year={2007},
  organization={IEEE}
}

@inproceedings{Reynolds83,
  added-at = {2002-01-03T00:00:00.000+0100},
  author = {Reynolds, John C.},
  biburl = {http://www.bibsonomy.org/bibtex/20315177f6cb9eeaebe44c85e3503d7d3/dblp},
  booktitle = {IFIP Congress},
  date = {2002-01-03},
  description = {dblp},
  interhash = {c3f40c3e8bb67eb3595eb337fec8404f},
  intrahash = {0315177f6cb9eeaebe44c85e3503d7d3},
  keywords = {dblp},
  pages = {513-523},
  timestamp = {2002-01-03T00:00:00.000+0100},
  title = {Types, Abstraction and Parametric Polymorphism.},
  url = {http://dblp.uni-trier.de/db/conf/ifip/ifip83.html#Reynolds83},
  year = 1983
}

@article{koutavas2011applicative,
  title={From applicative to environmental bisimulation},
  author={Koutavas, Vasileios and Levy, Paul Blain and Sumii, Eijiro},
  journal={Electronic Notes in Theoretical Computer Science},
  volume={276},
  pages={215--235},
  year={2011},
  publisher={Elsevier}
}

@inproceedings{pitts1998existential,
  title={Existential types: Logical relations and operational equivalence},
  author={Pitts, Andrew M},
  booktitle={International Colloquium on Automata, Languages, and Programming},
  pages={309--326},
  year={1998},
  organization={Springer}
}

@article{appel2001indexed,
  title={An indexed model of recursive types for foundational proof-carrying code},
  author={Appel, Andrew W and McAllester, David},
  journal={ACM Transactions on Programming Languages and Systems (TOPLAS)},
  volume={23},
  number={5},
  pages={657--683},
  year={2001},
  publisher={ACM}
}

@article{benton2009biorthogonality,
  title={Biorthogonality, step-indexing and compiler correctness},
  author={Benton, Nick and Hur, Chung-Kil},
  journal={ACM Sigplan Notices},
  volume={44},
  number={9},
  pages={97--108},
  year={2009},
  publisher={ACM}
}

@inproceedings{vouillon2004semantic,
  title={Semantic types: A fresh look at the ideal model for types},
  author={Vouillon, J{\'e}r{\^o}me and Melli{\`e}s, Paul-Andr{\'e}},
  booktitle={ACM SIGPLAN Notices},
  volume={39},
  number={1},
  pages={52--63},
  year={2004},
  organization={ACM}
}

@book{LevyCBPV,
author = {Paul Blain Levy},
title = {Call-by-push-value. A functional/imperative synthesis},
publisher = {Springer},
year = {2004}
}

@inproceedings{lindley2005reducibility,
  title={Reducibility and⊤⊤-lifting for computation types},
  author={Lindley, Sam and Stark, Ian},
  booktitle={International Conference on Typed Lambda Calculi and Applications},
  pages={262--277},
  year={2005},
  organization={Springer}
}

@article{katsumata2013relating,
  title={Relating computational effects by⊤⊤-lifting},
  author={Katsumata, Shin-Ya},
  journal={Information and Computation},
  volume={222},
  pages={228--246},
  year={2013},
  publisher={Elsevier}
}

@inproceedings{mellies2005recursive,
  title={Recursive polymorphic types and parametricity in an operational framework},
  author={Mellies, P-A and Vouillon, J{\'e}r{\^o}me},
  booktitle={Logic in Computer Science, 2005. LICS 2005. Proceedings. 20th Annual IEEE Symposium on},
  pages={82--91},
  year={2005},
  organization={IEEE}
}

@inproceedings{dagand2015normalization,
  title={Normalization by realizability also evaluates},
  author={Dagand, Pierre-{\'E}variste and Scherer, Gabriel},
  booktitle={Vingt-sixi{\`e}mes Journ{\'e}es Francophones des Langages Applicatifs (JFLA 2015)},
  year={2015}
}

@article{crary2007syntactic,
  title={Syntactic logical relations for polymorphic and recursive types},
  author={Crary, Karl and Harper, Robert},
  journal={Electronic notes in theoretical computer science},
  volume={172},
  pages={259--299},
  year={2007},
  publisher={Elsevier}
}

@article{pitts1996relational,
  title={Relational properties of domains},
  author={Pitts, Andrew M},
  journal={Information and computation},
  volume={127},
  number={2},
  pages={66--90},
  year={1996},
  publisher={Elsevier}
}

@article{tix2009semantic,
  title={Semantic domains for combining probability and non-determinism},
  author={Tix, Regina and Keimel, Klaus and Plotkin, Gordon},
  journal={Electronic Notes in Theoretical Computer Science},
  volume={222},
  pages={3--99},
  year={2009},
  publisher={Elsevier}
}


@article{JGL-mscs16,
   author = {Goubault{-}Larrecq, Jean}, 
   journal = {Mathematical Structures in Computer Science}, 
   volume = {27},
   number = {6},
   pages = {1032--1067},
   title = {Isomorphism theorems between models of mixed choice}, 
   year = {2017}, 
}

@article{JGL15,
  author = {Goubault{-}Larrecq, Jean}, 
  title = {Full Abstraction for Non-Deterministic and Probabilistic Extensions of {PCF} {I}: the Angelic Cases},
  journal = {Journal of Logic and Algebraic Methods in Programming},
  volume = {84},
  pages = {155--184},
  year = {2015}
}

@phdthesis{AndreaShalk,
  added-at = {2011-03-23T00:00:00.000+0100},
  author = {Schalk, Andrea},
  biburl = {http://www.bibsonomy.org/bibtex/2836ddeef97b1aea350b94f9501b3dba6/dblp},
  interhash = {2f594b8698a56a0d3d0491212358e9cd},
  intrahash = {836ddeef97b1aea350b94f9501b3dba6},
  keywords = {dblp},
  pages = {1-166},
  school = {TH Darmstadt},
  timestamp = {2011-04-29T15:28:47.000+0200},
  title = {Algebras for generalized power constructions.},
  year = 1993
}

@inproceedings{Ugo2017,
   author = {{Dal Lago}, U. and {Gavazzo}, F. and {Blain Levy}, P.},
   title = "{Effectful Applicative Bisimilarity: Monads, Relators, and Howe's Method}",
   booktitle = {Proceedings of 32nd Annual Symposium on Logic in Computer Science},
   year = {2017}
}

@ARTICLE{UgoOld2017,
   author = {{Dal Lago}, U. and {Gavazzo}, F. and {Blain Levy}, P.},
    title = "{Effectful Applicative Bisimilarity: Monads, Relators, and Howe's Method (Long Version)}",
  journal = {ArXiv e-prints},
archivePrefix = "arXiv",
   eprint = {1704.04647},
 primaryClass = "cs.LO",
 keywords = {Computer Science - Logic in Computer Science, Computer Science - Programming Languages},
     year = 2017,
    month = apr,
   adsurl = {http://adsabs.harvard.edu/abs/2017arXiv170404647D},
  adsnote = {Provided by the SAO/NASA Astrophysics Data System}
}


@article{mislove2004axioms,
  title={Axioms for probability and nondeterminism},
  author={Mislove, Michael and Ouaknine, Jo{\"e}l and Worrell, James},
  journal={Electronic Notes in Theoretical Computer Science},
  volume={96},
  pages={7--28},
  year={2004},
  publisher={Elsevier}
}

@article{lassen1998relational,
  title={Relational Reasoning about Functions and Nondeterminism},
  author={Lassen, S{\o}ren B{\o}gh},
  year={1998}
}

@inproceedings{birkedal2009realizability,
  title={Realizability semantics of parametric polymorphism, general references, and recursive types},
  author={Birkedal, Lars and St{\o}vring, Kristian and Thamsborg, Jacob},
  booktitle={International Conference on Foundations of Software Science and Computational Structures},
  pages={456--470},
  year={2009},
  organization={Springer}
}

@inproceedings{mardare2016quantitative,
  title={Quantitative algebraic reasoning},
  author={Mardare, Radu and Panangaden, Prakash and Plotkin, Gordon},
  booktitle={Proceedings of the 31st Annual ACM/IEEE Symposium on Logic in Computer Science},
  pages={700--709},
  year={2016},
  organization={ACM}
}

@inproceedings{crubille2017metric,
  title={Metric Reasoning About$\backslash$lambda-Terms: The General Case},
  author={Crubill{\'e}, Rapha{\"e}lle and Dal Lago, Ugo},
  booktitle={European Symposium on Programming},
  pages={341--367},
  year={2017},
  organization={Springer}
}

@article{heckmann1994probabilistic,
  title={Probabilistic domains},
  author={Heckmann, Reinhold},
  journal={Trees in Algebra and Programming—CAAP'94},
  pages={142--156},
  year={1994},
  publisher={Springer}
}

@inproceedings{abramsky1999game,
  title={Game semantics},
  author={Abramsky, Samson and McCusker, Guy},
  booktitle={Computational logic},
  pages={1--55},
  year={1999},
  organization={Springer}
}

@inproceedings{honda2005observationally,
  title={An observationally complete program logic for imperative higher-order functions},
  author={Honda, Kohei and Yoshida, Nobuko and Berger, Martin},
  booktitle={Logic in Computer Science, 2005. LICS 2005. Proceedings. 20th Annual IEEE Symposium on},
  pages={270--279},
  year={2005},
  organization={IEEE}
}

@inproceedings{scott1982domains,
  title={Domains for denotational semantics},
  author={Scott, Dana S},
  booktitle={International Colloquium on Automata, Languages, and Programming},
  pages={577--610},
  year={1982},
  organization={Springer}
}

@article{SchroderS06,
  author    = {Matthias Schr{\"{o}}der and
               Alex Simpson},
  title     = {Probabilistic Observations and Valuations: (Extended Abstract)},
  journal   = {Electr. Notes Theor. Comput. Sci.},
  volume    = {155},
  pages     = {605--615},
  year      = {2006},
  url       = {https://doi.org/10.1016/j.entcs.2005.11.075},
  doi       = {10.1016/j.entcs.2005.11.075},
  timestamp = {Sun, 28 May 2017 13:22:54 +0200},
  biburl    = {http://dblp2.uni-trier.de/rec/bib/journals/entcs/SchroderS06},
  bibsource = {dblp computer science bibliography, http://dblp.org}
}

@inproceedings{battenfeld2009two,
  title={Two probabilistic powerdomains in topological domain theory},
  author={Battenfeld, Ingo and Simpson, Alex}
}

@inproceedings{SV2018,
  author = {Alex Simpson and Niels Voorneveld},
  title = {Behavioural Equivalence via Modalities for Algebraic Effects},
  booktitle = {Proceedings of 27th European Symposium on Programming (ESOP)},
  publisher = {Springer},
  year = {2018}
}

@inproceedings{Smyth,
author = {Michael B. Smyth},
title = {Power domains and predicate transformers: A topological view},
booktitle = {Proceedings of  International Colloquium on Automata, Languages, and Programming
ICALP 1983},
  series = {Lecture Notes in Computer Sciece},
  volume = {154},
  publisher = {Springer},
  year = {1983},
  pages = {662--675}  
}


@article{VW06,
author = {Daniele Varacca and Glynn Winskel},
title = {Distributing Probabililty over Nondeterminism}, 
journal = {Mathematical Structures in Computer Science},
volume = {16},
number = {1},
year = {2006}}

@unpublished{Voor2018,
 author = {Niels Voorneveld},
 title = {Program Equivalence via a Quantitative Logic for Algebraic Effects},
 note = {Submitted to {CSL}},
 year = {2018}
}
  
  
